<record><leader>00000cas a2200000 a 4500</leader><controlfield tag="001">9974027</controlfield><controlfield tag="008">831003d18731905miudr ne      0    0eng  </controlfield><datafield ind1=" " ind2=" " tag="010"><subfield code="a">sn 83016663 </subfield></datafield><datafield ind1=" " ind2=" " tag="040"><subfield code="a">DLC</subfield><subfield code="b">eng</subfield><subfield code="c">DLC</subfield><subfield code="d">NPU</subfield><subfield code="d">NPY</subfield><subfield code="d">NPX</subfield><subfield code="d">DLC</subfield><subfield code="d">NSD</subfield><subfield code="d">MHN</subfield><subfield code="d">CNK</subfield><subfield code="d">EYM</subfield><subfield code="d">DLC</subfield><subfield code="d">OCL</subfield><subfield code="d">MHN</subfield><subfield code="d">KRTAS</subfield><subfield code="d">OCLCQ</subfield><subfield code="d">OCLCO</subfield><subfield code="d">OCLCF</subfield><subfield code="d">OCLCO</subfield></datafield><datafield ind1="1" ind2=" " tag="029"><subfield code="a">AU@</subfield><subfield code="b">000020121927</subfield></datafield><datafield ind1=" " ind2=" " tag="042"><subfield code="a">pcc</subfield></datafield><datafield ind1=" " ind2=" " tag="043"><subfield code="a">n-us-mi</subfield></datafield><datafield ind1="0" ind2="0" tag="050"><subfield code="a">Newspaper</subfield></datafield><datafield ind1="0" ind2=" " tag="130"><subfield code="a">Evening news (Detroit, Mich.)</subfield></datafield><datafield ind1="1" ind2="4" tag="245"><subfield code="a">The evening news.</subfield></datafield><datafield ind1="3" ind2="0" tag="246"><subfield code="a">Sunday news</subfield></datafield><datafield ind1="3" ind2="0" tag="246"><subfield code="a">Sunday news tribune</subfield></datafield><datafield ind1="3" ind2="0" tag="246"><subfield code="a">Detroit news tribune</subfield></datafield><datafield ind1=" " ind2=" " tag="260"><subfield code="a">Detroit [Mich.] :</subfield><subfield code="b">James E. Scripps,</subfield><subfield code="c">1873-1905.</subfield></datafield><datafield ind1=" " ind2=" " tag="300"><subfield code="a">32 v. ;</subfield><subfield code="c">58 cm.</subfield></datafield><datafield ind1=" " ind2=" " tag="310"><subfield code="a">Daily,</subfield><subfield code="b">Nov. 30, 1884-Aug. 22, 1905</subfield></datafield><datafield ind1=" " ind2=" " tag="321"><subfield code="a">Daily (except Sun.),</subfield><subfield code="b">Aug. 23, 1873-Nov. 29, 1884</subfield></datafield><datafield ind1="0" ind2=" " tag="362"><subfield code="a">No. 1 (Aug. 23, 1873)-no. 8269 (Aug. 22, 1898) ; 26th yr. (Aug. 23, 1898)-32nd yr., no. 313 (Aug. 22, 1905).</subfield></datafield><datafield ind1=" " ind2=" " tag="500"><subfield code="a">Sunday issues called: Sunday news, Nov. 30, 1884-Oct. 8, 1893.</subfield></datafield><datafield ind1=" " ind2=" " tag="515"><subfield code="a">Issue no. 2 also dated Aug. 23, 1873.</subfield></datafield><datafield ind1=" " ind2=" " tag="580"><subfield code="a">Weekly ed. available: Echo (Detroit, Mich.).</subfield></datafield><datafield ind1=" " ind2=" " tag="580"><subfield code="a">Sunday issues combined with: Detroit Tribune (Detroit, Mich. : 1887), and called: Sunday news=tribune, 1893-1899, and: Detroit news-tribune (Detroit, Mich. : 1899), 1899-1905.</subfield></datafield><datafield ind1=" " ind2=" " tag="580"><subfield code="a">Continues: Daily news (Detroit, Mich.)?</subfield></datafield><datafield ind1=" " ind2=" " tag="580"><subfield code="a">Merged with: Detroit tribune, (Detroit, Mich. : 1887) to form: Detroit news (Detroit, Mich. : 1905).</subfield></datafield><datafield ind1=" " ind2="0" tag="651"><subfield code="a">Detroit (Mich.)</subfield><subfield code="v">Newspapers.</subfield></datafield><datafield ind1=" " ind2="0" tag="651"><subfield code="a">Wayne County (Mich.)</subfield><subfield code="v">Newspapers.</subfield></datafield><datafield ind1=" " ind2="7" tag="655"><subfield code="a">Newspapers.</subfield><subfield code="2">fast</subfield><subfield code="0">(OCoLC)fst01423814</subfield></datafield><datafield ind1=" " ind2="7" tag="651"><subfield code="a">Michigan</subfield><subfield code="z">Detroit.</subfield><subfield code="2">fast</subfield><subfield code="0">(OCoLC)fst01205010</subfield></datafield><datafield ind1=" " ind2="7" tag="651"><subfield code="a">Michigan</subfield><subfield code="z">Wayne County.</subfield><subfield code="2">fast</subfield><subfield code="0">(OCoLC)fst01206628</subfield></datafield><datafield ind1=" " ind2=" " tag="752"><subfield code="a">United States</subfield><subfield code="b">Michigan</subfield><subfield code="c">Wayne</subfield><subfield code="d">Detroit.</subfield></datafield><datafield ind1="1" ind2=" " tag="775"><subfield code="t">Echo (Detroit, Mich.)</subfield><subfield code="w">(DLC)sn 87070025</subfield><subfield code="w">(OCoLC)15730331</subfield></datafield><datafield ind1="1" ind2=" " tag="775"><subfield code="t">Sunday news=tribune</subfield><subfield code="w">(DLC)sn 96076546</subfield><subfield code="w">(OCoLC)34374569</subfield></datafield><datafield ind1="1" ind2=" " tag="775"><subfield code="t">Detroit news tribune (Detroit, Mich. : 1899)</subfield><subfield code="w">(DLC)sn 96076545</subfield><subfield code="w">(OCoLC)34374452</subfield></datafield><datafield ind1="0" ind2="5" tag="780"><subfield code="t">Detroit daily union (Detroit, Mich. : 1865)</subfield><subfield code="g">1874</subfield><subfield code="w">(DLC)sn 83025266</subfield><subfield code="w">(OCoLC)9359079</subfield></datafield><datafield ind1="1" ind2="0" tag="780"><subfield code="t">Daily news (Detroit, Mich.)</subfield><subfield code="w">(DLC)sn 88086209</subfield><subfield code="w">(OCoLC)18146256</subfield></datafield><datafield ind1="1" ind2="7" tag="785"><subfield code="t">Detroit tribune (Detroit, Mich. : 1887)</subfield><subfield code="w">(DLC)sn 84031449</subfield><subfield code="w">(OCoLC)11112009</subfield></datafield><datafield ind1="1" ind2="7" tag="785"><subfield code="t">Detroit news (Detroit, Mich. : 1905)</subfield><subfield code="x">1055-2715</subfield><subfield code="w">(DLC)sn 83016183</subfield><subfield code="w">(OCoLC)9611687</subfield></datafield><datafield ind1=" " ind2=" " tag="938"><subfield code="a">Kirtas Technologies, Inc.</subfield><subfield code="b">KRTS</subfield><subfield code="n">737509</subfield></datafield></record>